%% This BibTeX bibliography file was created using BibDesk.
%% http://bibdesk.sourceforge.net/


%% Created for Seth Johnson at 2010-01-15 15:01:56 -0500 


%% Saved with string encoding Unicode (UTF-8) 


@misc{jcpoa,
    author = {{UN Security Council}}, 
    title = {{Security Council resolution 2231 [on Joint Comprehensive
        Plan of Action (JCPOA) on the Islamic Republic of Iran's nuclear
            programme]}},
    month = {July},
    year = {2015},
}


@article{cyclus,
    author = "K.D. Huff and M.J. Gidden and R.W. Carlsen and R.R. Flanagan and
        M.B. McGarry and A.C. Opotowsky and E.A. Schneider and A.M. Scopatz and
        P.P.H. Wilson",
    title = "Fundamental concepts in the Cyclus nuclear fuel cycle simulation framework",
    journal = "Advances in Engineering Software",
    year = "April 2016",
}
    %doi = "http://dx.doi.org/10.1016/j.advengsoft.2016.01.014",



@misc{mbmore.2018, 
    title={mbmore}, 
    url={https://figshare.com/articles/mbmore/5097694/3}, 
    DOI={10.6084/m9.figshare.5097694.v3}, 
    publisher={figshare}, 
    author={McGarry, Meghan and Mouginot, Baptiste}, 
    year={2018}, 
    month={Jan}
}

@article{glaser.2008,
    author = {Alexander Glaser},
    title = {Characteristics of the Gas Centrifuge for Uranium Enrichment and Their Relevance for Nuclear Weapon Proliferation},
    journal = {Science \& Global Security},
    volume = {16},
    number = {1-2},
    pages = {1-25},
    year = {2008},
}

@phdthesis{raetz.phd,
    title = {{Analytische L{\"o}sungen f{\"u}r die Trennleistung von Gaszentrifugen zur Urananreicherung}},
    author ={E. R{\"a}tz},
    school = {{echnical University of Berlin}},
    year = {21983},
    type = {{PhD} dissertation},
}


@article{walker.2017,
    author = {Mark E. Walker and Robert J. Goldston},
    title = {Timely Verification at Large-Scale Gas Centrifuge Enrichment Plants},
    journal = {Science \& Global Security},
    volume = {25},
    number = {2},
    pages = {59-79},
    year  = {2017},
    publisher = {Routledge},
}


@book{avery,
	series = {M \& {B} technical library, {TL}/{CE}/2},
	title = {Uranium {Enrichment} by {Gas} {Centrifuge} [by] {D}. {G}. {Avery} [and] {E}. {Davies}},
	url = {https://books.google.com/books?id=9HyXwgEACAAJ},
	author = {Avery, D.G. and Davies, E.},
    year = {1973},
    isbn = {0263051218}
}

@article{jcpoa,
author = "UN Security Council",
title = "{Security Council Resolution 2231}",
year = "July 20, 2015",
url = {https://www.un.org/securitycouncil/content/2231/background},
urldate = "December 8, 2020"
}