@book{noauthor_iaea_2001,
	address = {Vienna},
	series = {International {Nuclear} {Verification} {Series}},
	title = {{IAEA} safeguards glossary},
	isbn = {978-92-0-138602-1},
	language = {English},
	number = {3},
	publisher = {International Atomic Energy Agency},
	year = {2001},
	note = {OCLC: 781452775},
	file = {NVS3_scr.pdf:/home/nuclearkatie/Zotero/storage/5PM8UMET/NVS3_scr.pdf:application/pdf}
}

@book{avery,
    author = { Avery, D. G. and Davies, Eirwyn },
    title = { Uranium enrichment by gas centrifuge [by] D. G. Avery, E. Davies },
    isbn = { 0263051218 },
    publisher = { Mills and Boon London },
    pages = { 96 p. },
    year = { 1973 },
    type = { Book },
    language = { English },
    subjects = { Uranium enrichment.; Centrifugation. },
    life-dates = { 1973 -  },
    catalogue-url = { https://nla.gov.au/nla.cat-vn609004 },
}

@misc{jcpoa,
    author = {{UN Security Council}}, 
    title = {{Security Council resolution 2231 [on Joint Comprehensive
        Plan of Action (JCPOA) on the Islamic Republic of Iran's nuclear
            programme]}},
    month = {July},
    year = {2015},
}


@article{cyclus,
    author = "K.D. Huff and M.J. Gidden and R.W. Carlsen and R.R. Flanagan and
        M.B. McGarry and A.C. Opotowsky and E.A. Schneider and A.M. Scopatz and
        P.P.H. Wilson",
    title = "Fundamental concepts in the Cyclus nuclear fuel cycle simulation framework",
    journal = "Advances in Engineering Software",
    year = "April 2016",
}



@misc{mbmore.2018,
    title={mbmore},
    url={https://figshare.com/articles/mbmore/5097694/4},
    DOI={10.6084/m9.figshare.5097694.v4},
    publisher={figshare},
    author={McGarry, Meghan and Mouginot, Baptiste},
    year={2018},
    month={May}
}

@article{glaser.2008,
    author = {Alexander Glaser},
    title = {Characteristics of the Gas Centrifuge for Uranium Enrichment and Their Relevance for Nuclear Weapon Proliferation},
    journal = {Science \& Global Security},
    volume = {16},
    number = {1-2},
    pages = {1-25},
    year = {2008},
}

@phdthesis{raetz.phd,
    title = {{Analytische L{\"o}sungen f{\"u}r die Trennleistung von Gaszentrifugen zur Urananreicherung}},
    author ={E. R{\"a}tz},
    school = {{echnical University of Berlin}},
    year = {21983},
    type = {{PhD} dissertation},
}


@article{walker.2017,
    author = {Mark E. Walker and Robert J. Goldston},
    title = {Timely Verification at Large-Scale Gas Centrifuge Enrichment Plants},
    journal = {Science \& Global Security},
    volume = {25},
    number = {2},
    pages = {59-79},
    year  = {2017},
    publisher = {Routledge},
}
